@misc{divergence,
author="Wikipédia",
title="Divergence",
howpublished = {\url{https://fr.wikipedia.org/wiki/Divergence_%28analyse_vectorielle%29}}
}

@misc{fluxdiv,
author="Wikipédia",
title="Théorème de flux-divergence",
howpublished = {\url{https://fr.wikipedia.org/wiki/Th%C3%A9or%C3%A8me_de_flux-divergence}}
}

@misc{rotationnel,
author="Wikipédia",
title="Rotationnel",
howpublished = {\url{https://fr.wikipedia.org/wiki/Rotationnel}}
}

@misc{gradient,
author="Wikipédia",
title="Gradient",
howpublished = {\url{https://fr.wikipedia.org/wiki/Gradient}}
}

@misc{eqlaplace,
author="Wikipédia",
title="Equation de Laplace",
howpublished = {\url{https://fr.wikipedia.org/wiki/%C3%89quation_de_Laplace}}
}

@misc{fharmonique,
author="Wikipédia",
title="Fonctions harmoniques",
howpublished = {\url{https://fr.wikipedia.org/wiki/Fonction_harmonique}}
}

@misc{fholomorphe,
author="Wikipédia",
title="Fonctions holomorphes",
howpublished = {\url{https://fr.wikipedia.org/wiki/Fonction_holomorphe}}
}

@misc{ligneniveau,
author="Wikipédia",
title="Lignes de niveau",
howpublished = {\url{https://fr.wikipedia.org/wiki/Ligne_de_niveau}}
}

@misc{denscour,
author="Wikipédia",
title="Densité de courant",
howpublished = {\url{https://fr.wikipedia.org/wiki/Densit%C3%A9_de_courant}}
}

@misc{permelec,
author="Wikipédia",
title="Permittivité électrique",
howpublished = {\url{https://fr.wikipedia.org/wiki/Permittivit%C3%A9}}
}

@misc{permmag,
author="Wikipédia",
title="Perméabilité magnétique",
howpublished = {\url{https://fr.wikipedia.org/wiki/Perm%C3%A9abilit%C3%A9_magn%C3%A9tique}}
}

@misc{eqmax,
author="Wikipédia",
title="Equations de Maxwell",
howpublished = {\url{https://fr.wikipedia.org/wiki/%C3%89quations_de_Maxwell}}
}

@misc{intromecaflu,
author="Wikipédia",
title="Introduction mécanique des fluides",
howpublished = {\url{https://fr.wikipedia.org/wiki/M%C3%A9canique_des_fluides}}
}

@misc{nbmach,
author="Wikipédia",
title="Nombre de Mach",
howpublished = {\url{https://fr.wikipedia.org/wiki/Nombre_de_Mach}}
}

@misc{nbreynolds,
author="Wikipédia",
title="Nombre de Reynolds",
howpublished = {\url{https://fr.wikipedia.org/wiki/Nombre_de_Reynolds}}
}

@misc{paradoxealembert,
author="Wikipédia",
title="Paradoxe de D'Alembert",
howpublished = {\url{https://fr.wikipedia.org/wiki/Paradoxe_de_D%E2%80%99Alembert}}
}

@misc{viscocinema,
author="Wikipédia",
title="Viscosité cinématique",
howpublished = {\url{https://fr.wikipedia.org/wiki/Viscosit%C3%A9_cin%C3%A9matique}}
}

@misc{viscodyna,
author="Wikipédia",
title="Viscosité dynamique",
howpublished = {\url{https://fr.wikipedia.org/wiki/Viscosit%C3%A9_dynamique}}
}

@misc{viscodyna2,
author="Daniel Huilier",
title="Viscosité dynamique 2",
howpublished = {\url{http://www.daniel-huilier.fr/Enseignement/Notes_Cours/Viscosite/Introduction_Viscosite.pdf}}
}

@misc{viscodyna3,
author="Steve Giller",
title="Viscosité dynamique 3",
howpublished = {\url{http://perso.latribu.com/shagar/steve/pdf/sa3.pdf}}
}

@misc{vitesseson,
author="Wikipedia",
title="Vitesse du sons dans differents milieux",
howpublished = {\url{https://fr.wikipedia.org/wiki/Vitesse_du_son}}
}

@misc{effetdoppler,
author="Wikipedia",
title="Effet Doppler",
howpublished = {\url{https://fr.wikipedia.org/wiki/Effet_Doppler-Fizeau}}
}

@misc{eqeuler,
author="Wikipedia",
title="Equations d'Euler",
howpublished = {\url{https://fr.wikipedia.org/wiki/%C3%89quations_d%27Euler}}
}

@misc{desclagrange,
author="Wikipedia",
title="Description Lagrangienne",
howpublished = {\url{https://fr.wikipedia.org/wiki/Description_lagrangienne}}
}

@misc{desceuler,
author="Wikipedia",
title="Description Eulérienne",
howpublished = {\url{https://fr.wikipedia.org/wiki/Description_eul%C3%A9rienne}}
}

@misc{bernoulli,
author="Wikipedia",
title="Théorème de Bernoulli",
howpublished = {\url{https://fr.wikipedia.org/wiki/Th%C3%A9or%C3%A8me_de_Bernoulli}}
}





